<record><leader>00000cas a2200000 a 4500</leader><controlfield tag="001">23350226</controlfield><controlfield tag="008">910328d18801918iluwr ne      0   a0eng c</controlfield><datafield ind1=" " ind2=" " tag="010"><subfield code="a">sn 91054574 </subfield></datafield><datafield ind1=" " ind2=" " tag="040"><subfield code="a">NVF</subfield><subfield code="b">eng</subfield><subfield code="c">NVF</subfield><subfield code="d">MQN</subfield><subfield code="d">NVF</subfield><subfield code="d">OCLCQ</subfield><subfield code="d">NVF</subfield><subfield code="d">OCLCQ</subfield><subfield code="d">OCLCF</subfield><subfield code="d">NVF</subfield><subfield code="d">OCLCO</subfield></datafield><datafield ind1="1" ind2=" " tag="029"><subfield code="a">AU@</subfield><subfield code="b">000025871835</subfield></datafield><datafield ind1=" " ind2=" " tag="042"><subfield code="a">pcc</subfield></datafield><datafield ind1=" " ind2=" " tag="043"><subfield code="a">n-us-il</subfield></datafield><datafield ind1="0" ind2=" " tag="130"><subfield code="a">Free press-gazette (Nokomis, Ill.)</subfield></datafield><datafield ind1="1" ind2="4" tag="245"><subfield code="a">The free press-gazette.</subfield></datafield><datafield ind1="3" ind2=" " tag="246"><subfield code="a">Free press gazette</subfield></datafield><datafield ind1=" " ind2=" " tag="260"><subfield code="a">Nokomis, Ill. :</subfield><subfield code="b">E.M. Hulbert,</subfield><subfield code="c">1880-1918.</subfield></datafield><datafield ind1=" " ind2=" " tag="300"><subfield code="a">v.</subfield></datafield><datafield ind1=" " ind2=" " tag="310"><subfield code="a">Weekly</subfield></datafield><datafield ind1="0" ind2=" " tag="362"><subfield code="a">Vol. 12, no. 9 (Mar. 20, 1880)-v. 50, no. 27 (May 31, 1918).</subfield></datafield><datafield ind1=" " ind2=" " tag="580"><subfield code="a">Formed by the union of: Free press (Nokomis, Ill.) and: Nokomis gazette.</subfield></datafield><datafield ind1=" " ind2=" " tag="580"><subfield code="a">Merged with: Nokomis progress, to form: Free press-progress (Nokomis, Ill.).</subfield></datafield><datafield ind1=" " ind2="0" tag="651"><subfield code="a">Nokomis (Ill.)</subfield><subfield code="v">Newspapers.</subfield></datafield><datafield ind1=" " ind2="7" tag="651"><subfield code="a">Illinois</subfield><subfield code="z">Nokomis.</subfield><subfield code="2">fast</subfield><subfield code="0">(OCoLC)fst01217939</subfield></datafield><datafield ind1=" " ind2="7" tag="655"><subfield code="a">Newspapers.</subfield><subfield code="2">fast</subfield><subfield code="0">(OCoLC)fst01423814</subfield></datafield><datafield ind1=" " ind2=" " tag="752"><subfield code="a">United States</subfield><subfield code="b">Illinois</subfield><subfield code="c">Montgomery</subfield><subfield code="d">Nokomis.</subfield></datafield><datafield ind1="1" ind2="4" tag="780"><subfield code="t">Free press (Nokomis, Ill.)</subfield><subfield code="w">(DLC)sn 95066018</subfield><subfield code="w">(OCoLC)32455787</subfield></datafield><datafield ind1="1" ind2="4" tag="780"><subfield code="t">Nokomis gazette</subfield><subfield code="w">(DLC)sn 85033950</subfield><subfield code="w">(OCoLC)12334469</subfield></datafield><datafield ind1="0" ind2="5" tag="780"><subfield code="t">Deutsch-Amerikaner (Nokomis, Ill.)</subfield><subfield code="w">(DLC)sn 91054578</subfield><subfield code="w">(OCoLC)23360650</subfield></datafield><datafield ind1="1" ind2="7" tag="785"><subfield code="t">Nokomis progress</subfield><subfield code="w">(DLC)sn 91054573</subfield><subfield code="w">(OCoLC)23350198</subfield></datafield><datafield ind1="1" ind2="7" tag="785"><subfield code="t">Free press-progress (Nokomis, Ill.)</subfield><subfield code="w">(DLC)sn 91054575</subfield><subfield code="w">(OCoLC)23350257</subfield></datafield></record>